%%%%%%%%%%%%%%%%%%%%%%%%%%%%%%%%%%%%%%%%%%%
%                 general                 %  
%%%%%%%%%%%%%%%%%%%%%%%%%%%%%%%%%%%%%%%%%%%
@manual{802.11-2012,
  	title = "{IEEE Standard for Information technology – Telecommunications and information exchange between systems – Local and metropolitan area networks – Specific requirements – Part 11: Wireless LAN Medium Access Control (MAC) and Physical Layer (PHY) Specifications}",
	organization = {IEEE},
  	year = {2012}
}

@manual{802.11-2007, 
  journal="{IEEE Std 802.11-2007 (Revision of IEEE Std 802.11-1999)}", 
  title="{IEEE Standard for Information Technology -- Telecommunications and Information Exchange Between Systems -- Local and Metropolitan Area Networks -- Specific Requirements -- Part 11: Wireless LAN Medium Access Control (MAC) and Physical Layer (PHY) Specifications}", 
  year={2007}, 
  doi={10.1109/IEEESTD.2007.373646}
}


@manual{802.11e, 
  journal="{IEEE Std 802.11e-2011 (Amendment to IEEE Std 802.11-1999}", 
  title="{IEEE Standard for Information technology--Local and metropolitan area networks--Specific requirements--Part 11: Wireless LAN Medium Access Control (MAC) and Physical Layer (PHY) Specifications - Amendment 8: Medium Access Control (MAC) Quality of Service Enhancements}", 
  year={2005}, 
  doi={10.1109/IEEESTD.2005.97890}
}

@manual{802.11s, 
  journal="{IEEE Std 802.11s-2011 (Amendment to IEEE Std 802.11-2007}", 
  title="{IEEE Standard for Information Technology -- Telecommunications and information exchange between systems -- Local and metropolitan area networks -- Specific requirements Part 11: Wireless LAN Medium Access Control (MAC) and Physical Layer (PHY) specifications -- Amendment 10: Mesh Networking}", 
  year={2011}, 
  doi={10.1109/IEEESTD.2011.6018236}
}

@manual{802.11aa, 
  booktitle = "{IEEE Std 802.11aa-2012 (Amendment to IEEE Std 802.11-2012)}",
  journal = "{IEEE Std 802.11aa-2012 (Amendment to IEEE Std 802.11-2012)}",
  title="{IEEE Standard for Information technology--Telecommunications and information exchange between systems Local and metropolitan area networks--Specific requirements Part 11: Wireless LAN Medium Access Control (MAC) and Physical Layer (PHY) Specifications Amendment 2: MAC Enhancements for Robust Audio Video Streaming}", 
  year={2012}, 
  doi={10.1109/IEEESTD.2012.6204193}
}

@manual{802.11ad, 
  booktitle = "{IEEE Std 802.11ad-2012 (Amendment to IEEE Std 802.11-2012)}",
  journal = "{IEEE Std 802.11ad-2012 (Amendment to IEEE Std 802.11-2012)}",
  title="{IEEE Standard for Information technology--Telecommunications and information exchange between systems--Local and metropolitan area networks--Specific requirements -- Part 11: Wireless LAN Medium Access Control (MAC) and Physical Layer (PHY) Specifications Amendment 3: Enhancements for Very High Throughput in the 60 GHz Band}", 
  year={2012}, 
  doi={10.1109/IEEESTD.2012.6392842}
}

@manual{802.11ac,
  booktitle = "{IEEE Std 802.11ac-2013 (Amendment to IEEE Std 802.11-2012}",
  journal = "{IEEE Std 802.11ac-2013 (Amendment to IEEE Std 802.11-2012}",
  title = "{IEEE Standard for Information technology -- Telecommunications and information exchange between systems Local and metropolitan area networks -- Specific requirements -- Part 11: Wireless LAN Medium Access Control (MAC) and Physical Layer (PHY) Specifications -- Amendment 4: Enhancements for Very High Throughput for Operation in Bands below 6~GHz}",
  month="December",
  year = "2013"
}

@manual{802.11ah,
  booktitle = "{IEEE P802.11ah/D2.0, June 2014}",
  journal = "{IEEE P802.11ah/D2.0, June 2014}",
  title = "{IEEE P802.11ah/D2.0 Draft Standard for Information technology --- Telecommunications and information exchange between systems Local and metropolitan area networks -- Specific requirements -- Part 11: Wireless LAN Medium Access Control (MAC) and Physical Layer (PHY) Specifications -- Amendment 6: {Sub 1~GHz} License Exempt Operation}",
  month="June",
  year = "2014"
}

@manual{802.11ai,
  booktitle = "{IEEE P802.11ai/D0.5, March 2013}",
  journal = "{IEEE P802.11ai/D0.5, March 2013}",
  title = "{IEEE P802.11ai/D0.5 Draft Standard for Information Technology ---
  Telecommunications and information exchange between systems --
  Local and metropolitan area networks -- Specific requirements -- Part 11: Wireless LAN Medium Access Control (MAC)
  and Physical Layer (PHY) Specifications -- Amendment 7: Fast Initial Link Setup}",
  month="March",
  year = "2013"
}

@manual{Cisco_forecast,
	title = {Cisco Visual Networking Index: Global Mobile Data Traffic Forecast Update, 2013–2018},
	organization = {Cisco},
	year = {2014}
}

@misc{RTP,
	organization = {IETF},
	author = {},
	howpublished = "RFC 3550, \url{http://www.ietf.org/rfc/rfc3550.txt}"
}

@misc{GPSS,
	howpublished = "GPSSWorld \circledR, \url{http://www.minutemansoftware.com}"
}

@misc{NS3,
  howpublished = "The ns-3 network simulator. \url{http://www.nsnam.org}"
}

@misc{802.11ad_requirements,
	howpublished = {\url{https://mentor.ieee.org/802.11/dcn/09/11-09-0228-05-00ad-functional-requirements.doc}}
}

@misc{g711,
	howpublished = "{G.711 : Pulse code modulation (PCM) of voice frequencies; ITU-T Recommendation}"
}

@misc{g729,
	howpublished = "{G.729 : Coding of speech at 8 kbit/s using conjugate-structure algebraic code-excited linear prediction (CS-ACELP); ITU-T Recommendation}"
}


%%%%%%%%%%%%%%%%%%%%%%%%%%%%%%%%%%%%%%%%%%%
%            QoS-aware routing			  %
%%%%%%%%%%%%%%%%%%%%%%%%%%%%%%%%%%%%%%%%%%%
@inproceedings{liao2002tdma,
  title="{A TDMA-based bandwidth reservation protocol for QoS routing in a wireless mobile ad hoc network}",
  author="{Liao, Wen-Hwa and Tseng, Yu-Chee and Shih, Kuei-Ping}",
  booktitle="{Communications, 2002. ICC 2002. IEEE International Conference on}",
  volume={5},
  pages={3186--3190},
  year={2002},
  organization={IEEE}
}

@article{vergados2006qos,
  title="{QoS-aware TDMA for end-to-end traffic scheduling in ad hoc networks}",
  author="{Vergados, Dimitrios D and Vergados, Dimitrios J and Douligeris, Christos and Tombros, Spyros L}",
  journal="{Wireless Communications, IEEE}",
  volume={13},
  number={5},
  pages={68--74},
  year={2006},
  publisher={IEEE}
}

@article{hanzo2007survey,
  title="{A survey of QoS routing solutions for mobile ad hoc networks}",
  author="{Hanzo, Lajos and Tafazolli, Rahim and others}",
  journal="{Communications Surveys \& Tutorials, IEEE}",
  volume={9},
  number={2},
  pages={50--70},
  year={2007},
  publisher={IEEE}
}

@article{yu2013resource,
  title="{Resource reservation schemes for IEEE 802.11-based wireless networks: A survey}",
  author="{Yu, Xiaobo and Navaratnam, Pirabakaran and Moessner, Klaus}",
  journal="{Communications Surveys \& Tutorials, IEEE}",
  volume={15},
  number={3},
  pages={1042--1061},
  year={2013},
  publisher={IEEE}
}

@article{kuo2009supporting,
  title="{Supporting real-time VBR video transport on WiMedia-based wireless personal area networks}",
  author="{Kuo, Wen-Kuang and Wu, Chun-Yang}",
  journal="{Vehicular Technology, IEEE Transactions on}",
  volume={58},
  number={4},
  pages={1965--1971},
  year={2009},
  publisher={IEEE}
}

@inproceedings{daneshi2010towards,
  title="{Towards an efficient reservation algorithm for distributed reservation protocols}",
  author="{Daneshi, Maryam and Pan, Jianping and Ganti, Sudhakar}",
  booktitle="{INFOCOM, 2010 Proceedings IEEE}",
  pages={1--9},
  year={2010},
  organization={IEEE}
}

%%%%%%%%%%%%%%%%%%%%%%%%%%%%%%%%%%%%%%%%%%%
%			  Interference				  %
%%%%%%%%%%%%%%%%%%%%%%%%%%%%%%%%%%%%%%%%%%%
@incollection{krasilov2010physical,
  title="{Physical model based interference classification and analysis}",
  author="{Krasilov, Artem}",
  booktitle="{Multiple Access Communications}",
  pages={1--12},
  year={2010},
  publisher={Springer}
}

@inproceedings{lyakhov2008ieee,
  title="{IEEE 802.11 direct links: Interference classification and modeling}",
  author="{Lyakhov, Andrey and Pustogarov, Ivan and Gudilov, Andrey}",
  booktitle="{Revised Selected Papers From Int. Workshop of Multiple Access Communications (MACOM 2008)}",
  pages={15--24},
  year={2008},
  address = {Saint-Petersburg, Russia},
  month = {June} 
}

%%%%%%%%%%%%%%%%%%%%%%%%%%%%%%%%%%%%%%%%%%%
%                 TDMA for QoS            %  
%%%%%%%%%%%%%%%%%%%%%%%%%%%%%%%%%%%%%%%%%%%
@inproceedings{liao2002tdma,
  title={A TDMA-based bandwidth reservation protocol for QoS routing in a wireless mobile ad hoc network},
  author={Liao, Wen-Hwa and Tseng, Yu-Chee and Shih, Kuei-Ping},
  booktitle={Communications, 2002. ICC 2002. IEEE International Conference on},
  volume={5},
  pages={3186--3190},
  year={2002},
  organization={IEEE}
}

%%%%%%%%%%%%%%%%%%%%%%%%%%%%%%%%%%%%%%%%%%%
%                QoS in Adhoc             %  
%%%%%%%%%%%%%%%%%%%%%%%%%%%%%%%%%%%%%%%%%%%
@article{reddy2006quality,
  title={Quality of service provisioning in ad hoc wireless networks: a survey of issues and solutions},
  author={Reddy, T Bheemarjuna and Karthigeyan, I and Manoj, BS and Murthy, C Siva Ram},
  journal={Ad Hoc Networks},
  volume={4},
  number={1},
  pages={83--124},
  year={2006},
  publisher={Elsevier}
}

%%%%%%%%%%%%%%%%%%%%%%%%%%%%%%%%%%%%%%%%%%%
%                 HCCA                    %  
%%%%%%%%%%%%%%%%%%%%%%%%%%%%%%%%%%%%%%%%%%%

@inproceedings{ansel2004efficient,
  title={An efficient scheduling scheme for IEEE 802.11 e},
  author={Ansel, Pierre and Ni, Qiang and Turletti, Thierry},
  booktitle={Proc. Modeling and Optimization in Mobile, Ad Hoc and Wireless Networks},
  pages={24--26},
  year={2004}
}

@inproceedings{gao2005physical,
  title={Physical rate based admission control for HCCA in IEEE 802.11 e WLANs},
  author={Gao, Deyun and Cai, Jianfei and Zhang, Liren},
  booktitle={Advanced Information Networking and Applications, 2005. AINA 2005. 19th International Conference on},
  volume={1},
  pages={479--483},
  year={2005},
  organization={IEEE}
}

@inproceedings{inan2006adaptive,
  title={An adaptive multimedia QoS scheduler for 802.11 e wireless LANs},
  author={Inan, Inanc and Keceli, Feyza and Ayanoglu, Ender},
  booktitle={Communications, 2006. ICC'06. IEEE International Conference on},
  volume={11},
  pages={5263--5270},
  year={2006},
  organization={IEEE}
}

@article{skyrianoglou2006arrow,
  title="{ARROW: an efficient traffic scheduling algorithm for IEEE 802.11 e HCCA}",
  author="{Skyrianoglou, Dimitris and Passas, Nikos and Salkintzis, Apostolis K}",
  journal="{Wireless Communications, IEEE Transactions on}",
  volume={5},
  number={12},
  pages={3558--3567},
  year={2006},
  publisher={IEEE}
}

@article{boggia2007feedback,
  title="{Feedback-based control for providing real-time services with the 802.11 e MAC}",
  author="{Boggia, Gennaro and Camarda, Pietro and Grieco, Luigi Alfredo and Mascolo, Saverio}",
  journal="{IEEE/ACM Transactions on Networking (TON)}",
  volume={15},
  number={2},
  pages={323--333},
  year={2007},
  publisher={IEEE Press}
}

@inproceedings{higuchi2007delay,
  title="{Delay guarantee and service interval optimization for HCCA in IEEE 802.11e WLANs}",
  author={Higuchi, Yuhi and Foronda, Augusto and Ohta, Chikara and Yoshimoto, Masahiko and Okada, Yoji},
  booktitle={Wireless Communications and Networking Conference, 2007. WCNC 2007. IEEE},
  pages={2080--2085},
  year={2007},
  organization={IEEE}
}

@article{cicconetti2007design,
  title="{Design and performance analysis of the Real-Time HCCA scheduler for IEEE 802.11 e WLANs}",
  author="{Cicconetti, Claudio and Lenzini, Luciano and Mingozzi, Enzo and Stea, Giovanni}",
  journal="{Computer Networks}",
  volume={51},
  number={9},
  pages={2311--2325},
  year={2007},
  publisher={Elsevier}
}

@article{rashid2008controlled,
  title="{Controlled channel access scheduling for guaranteed QoS in 802.11 e-based WLANs}",
  author="{Rashid, Mohammad M and Hossain, Ekram and Bhargava, Vijay K}",
  journal="{Wireless Communications, IEEE Transactions on}",
  volume={7},
  number={4},
  pages={1287--1297},
  year={2008},
  publisher={IEEE}
}

@article{turletti2003fhcf,
  title="{FHCF: A Fair Scheduling Scheme for 802.11e WLAN}",
  author={Turletti, Pierre Ansel-Qiang Ni-Thierry},
  year={2003}
}

@inproceedings{grilo2002performance,
  title={Performance evaluation of IEEE 802.11 e},
  author={Grilo, Antonio and Nunes, Mario},
  booktitle={Personal, Indoor and Mobile Radio Communications, 2002. The 13th IEEE International Symposium on},
  volume={1},
  pages={511--517},
  year={2002},
  organization={IEEE}
}

@inproceedings{cowling2004detailed,
  title="{A detailed investigation of the IEEE 802.11e HCF reference scheduler for VBR traffic}",
  author={Cowling, James and Selvakennedy, S},
  booktitle={13th international conference on computer communications and networks (ICCCN 2004)},
  year={2004},
  organization={Citeseer}
}



@inproceedings{cecchetti2008performance,
  title="{Performance evaluation of real-time schedulers for HCCA function in IEEE 802.11e wireless networks}",
  author={Cecchetti, Gabriele and Ruscelli, Anna Lina},
  booktitle={Proceedings of the 4th ACM symposium on QoS and security for wireless and mobile networks},
  pages={1--8},
  year={2008},
  organization={ACM}
}


@article{cecchetti2011real,
  title="{Real-time support for HCCA function in IEEE 802.11e networks: a performance evaluation}",
  author={Cecchetti, Gabriele and Ruscelli, Anna Lina},
  journal={Security and Communication Networks},
  volume={4},
  number={3},
  pages={299--315},
  year={2011},
  publisher={Wiley Online Library}
}

% HCCA EDCA
@inproceedings{siris2006resource,
  title="{Resource control for the EDCA and HCCA mechanisms in IEEE 802.11e networks}",
  author={Siris, Vasilios A and Courcoubetis, Costas},
  booktitle={Modeling and Optimization in Mobile, Ad Hoc and Wireless Networks, 2006 4th International Symposium on},
  pages={1--6},
  year={2006},
  organization={IEEE}
}

@article{kuan2007utilization,
  title="{Utilization model for HCCA EDCA mixed mode in IEEE 802.11e}",
  author={Kuan, Cheng and Dimyati, Kaharudin},
  journal={ETRI journal},
  volume={29},
  number={6},
  pages={829--831},
  year={2007},
  publisher={Electronics and Telecommunications Research Institute}
}

@article{lai2009adaptation,
  title="{Adaptation of HCCA/EDCA ratio in IEEE 802.11 for improved system performance}",
  author={Lai, Wei Kuang and Shien, C and Jiang, C},
  journal={Int. J. on Innovative Computing, Inf. and Contr},
  volume={5},
  number={11},
  year={2009}
}

@article{ruscelli2012enhancement,
  title="{Enhancement of QoS support of HCCA schedulers using EDCA function in IEEE 802.11e networks}",
  author={Ruscelli, Anna Lina and Cecchetti, Gabriele and Alifano, Angelo and Lipari, Giuseppe},
  journal={Ad Hoc Networks},
  volume={10},
  number={2},
  pages={147--161},
  year={2012},
  publisher={Elsevier}
}

﻿@Article{Ng2012,
author="Ng, Bryan and Tan, Y. F. and Roger, Yong",
title="{Improved utilization for joint HCCA--EDCA access in IEEE 802.11e WLANs}",
journal="Optimization Letters",
year="2012",
volume="7",
number="8",
pages="1711--1724",
abstract="This paper presents a model for improving utilization in IEEE 802.11e wireless LAN via a Markov decision process (MDP) approach. A Markov chain tracking the utilized transmission window for two separate access mechanisms is devised. Subsequently, the action space and the rewards of the MDP are judiciously selected with the aim of improving overall utilization without explicit blocking. The proposed MDP model for 802.11e reveals that proportional allocation of access opportunities improve overall utilization compared to completely randomized access. Simulation results go on to show that a policy that limits HCCA access as a function of channel load improves utilization by an average 8 \%. The optimization framework proposed in this paper is promising as a practical decision support tool for resource planning in 802.11e.",
issn="1862-4480",
doi="10.1007/s11590-012-0517-1",
url="http://dx.doi.org/10.1007/s11590-012-0517-1"
}

@Article{Krasilov2013,
author="Krasilov, A. N.
and Lyakhov, A. I.
and Moroz, Yu. I.",
title="{Analytical model of interaction between contention-based and deterministic channel access mechanisms in Wi-Fi Mesh networks}",
journal="Automation and Remote Control",
year="2013",
volume="74",
number="10",
pages="1696--1709",
abstract="A new analytical model was developed to estimate the degree of mutual influence of the links between the stations of Wi-Fi Mesh networks which use different channel access methods specified by the IEEE 802.11s standard, namely, contention-based channel access mechanism and the deterministic channel access mechanism based on the preliminary reservation of channel resources. The model was used to compare the efficiency of different backoff counting methods proposed in the paper for providing the interaction between two channel access methods. Additionally, the model was also used to analyze the effect of different techniques for arranging the time intervals reserved by means of the deterministic channel access mechanism on the performance of stations using contention-based channel access mechanism.",
issn="1608-3032",
doi="10.1134/S000511791310010X",
url="http://dx.doi.org/10.1134/S000511791310010X"
}

%%%%%%%%%%%%%%%%%%%%%%%%%%%%%%%%%%%%%%%%%%%
%                 MCCA                    %  
%%%%%%%%%%%%%%%%%%%%%%%%%%%%%%%%%%%%%%%%%%%
@article{hiertz2006mesh,
  title="{Mesh Deterministic Access (MDA)-Optional IEEE 802.11 s MAC scheme-Simulation Results (IEEE 802.11 TGs submission)}",
  author="{Hiertz, G and Junge, T and Max, S and Zang, Y and Stibor, L and Denteneer, D}",
  journal="{Online, Sep}",
  year={2006}
}

@inproceedings{hiertz2007principles,
  title="{Principles of IEEE 802.11 s}",
  author="{Hiertz, Guido R and Max, Sebastian and Zhao, Rui and Denteneer, Dee and Berlemann, Lars}",
  booktitle="{Computer Communications and Networks, 2007. ICCCN 2007. Proceedings of 16th International Conference on}",
  pages={1002--1007},
  year={2007},
  organization={IEEE}
}

@inproceedings{hiertz2008ieee,
  title="{IEEE 802.11 s-mesh deterministic access}",
  author={Hiertz, Guido R and Max, Sebastian and Junge, Thomas and Denteneer, Dee and Berlemann, Lars},
  booktitle={Wireless Conference, 2008. EW 2008. 14th European},
  pages={1--8},
  year={2008},
  organization={IEEE}
}

@article{hiertz2008ieee2,
  title="{IEEE 802.11s: WLAN mesh standardization and high performance extensions}",
  author={Hiertz, Guido R and Zang, Yunpeng and Max, Sebastian and Junge, Thomas and Weiss, Erik and Wolz, Benedikt},
  journal={Network, IEEE},
  volume={22},
  number={3},
  pages={12--19},
  year={2008},
  publisher={IEEE}
}

@article{hiertz2010ieee,
  title="{IEEE 802.11s: the WLAN mesh standard}",
  author={Hiertz, Guido R and Denteneer, Dee and Max, Sebastian and Taori, Rakesh and Cardona, Javier and Berlemann, Lars and Walke, Bernhard},
  journal={Wireless Communications, IEEE},
  volume={17},
  number={1},
  pages={104--111},
  year={2010},
  publisher={IEEE}
}

@inproceedings{cicconetti2008scheduling,
  title="{Scheduling and dynamic relocation for IEEE 802.11s mesh deterministic access}",
  author={Cicconetti, Claudio and Lenzini, Luciano and Mingozzi, Enzo},
  booktitle={Sensor, Mesh and Ad Hoc Communications and Networks, 2008. SECON'08. 5th Annual IEEE Communications Society Conference on},
  pages={19--27},
  year={2008},
  organization={IEEE}
}

@inproceedings{krasilov2011interference,
  title="{Interference, even with MCCA channel access method in IEEE 802.11s mesh networks}",
  author={Krasilov, Artem and Lyakhov, Andrey and Safonov, Alexander},
  booktitle={Mobile Adhoc and Sensor Systems (MASS), 2011 IEEE 8th International Conference on},
  pages={752--757},
  year={2011},
  organization={IEEE},
  month = {October}
}

@article{shvets2011analytical,
  title="{Analytical model of IEEE 802.11s MCCA-based streaming in the presence of noise}",
  author={Shvets, Evgeny and Lyakhov, Andrey and Safonov, Alexander and Khorov, Evgeny},
  journal={ACM SIGMETRICS Performance Evaluation Review},
  volume={39},
  number={2},
  pages={38--40},
  year={2011},
  publisher={ACM}
}

@inproceedings{shvets2012mathematical,
  title="{Mathematical model of MCCA-based streaming process in mesh networks in the presence of noise}",
  author={Shvets, Evgeny and Lyakhov, Andrey},
  booktitle={Wireless Communications and Networking Conference (WCNC), 2012 IEEE},
  pages={1887--1892},
  year={2012},
  organization={IEEE}
}

@incollection{khorov2013dynamic,
  title="{Dynamic resource allocation for MCCA-Based streaming in Wi-Fi mesh networks}",
  author={Khorov, Evgeny and Krasilov, Artem and Lyakhov, Andrey and Ostrovsky, Dmitry},
  booktitle={Wireless Access Flexibility},
  pages={93--111},
  year={2013},
  publisher={Springer}
}

@inproceedings{shvets2011stream,
	title = "{Математическая модель процесса передачи потокового трафика
методом MCCA в mesh-сетях в условиях помех}",
	author = "{Швец Е. А.} and {Ляхов А. И.}",
	booktitle = {Информационные технологии и системы ИТиС'11},
	year = {2-7 сентября 2011},
	address = {Геленджик},
	organization = {ИППИ РАН},
	language = {russian}
}

@inproceedings{video_MCCA_analytical,
	title = "{Аналитическая модель одношаговой передачи неординарного случайного потока механизмом MCCA в условиях помех}",
	author = "{Иванов А. С.} and {Хоров Е. М.}",
	booktitle = {Информационные технологии и системы ИТиС'13},
	year = {1-6 сентября 2013},
	address = {Светлогорск},
	organization = {ИППИ РАН},
	language = {russian}
}


@inproceedings{ivanov2014qos,
  title="{QoS support for bursty traffic in noisy channel via periodic reservations}",
  author="{Alexander Ivanov, Evgeny Khorov and Andrey Lyakhov}",
  booktitle={Wireless Days (WD), 2014 IFIP},
  pages={1--6},
  year={2014},
  organization={IEEE}
}

@article{ivanov2015qosaitrus,
  title="{Аналитическая модель передачи неординарного потока с помощью периодических резервирований канала в условиях помех}",
  author="{Иванов А. С.} and {Хоров Е. М.} and {Ляхов А.И.}",
  journal={Автоматика и Телемеханика},
  year={2015},
  volume=76,
  language = {russian}
}

@article{ivanov2015qosait,
  title="{Analytical Model of Batch Flow Multihop Transmission in Wireless Networks with Channel Reservations}",
  author={Ivanov, Alexander and Khorov, Evgeny and Lyakhov, Andrey},
  journal={Automation and Remote Control},
  year={2015},
  volume=76
}

@inproceedings{khorov2015ad,
  title="{Modelling Deterministic Channel Access in Millimetre Wave Wi-Fi}",
  author={Khorov, Evgeny and Ivanov, Alexander and Zankin, Vitaly and Lyakhov, Andrey},
  booktitle={Proceedings IEEE International Symposium on Wireless Communication Systems (ISWCS 2015)},
  year={2015},
  organization={IEEE}
}

@inproceedings{ivanov2015txop,
  title="{Analytical Model of QoS-aware Streaming in Wi-Fi Networks via Periodic TXOPs}",
  author={Ivanov, Alexander and Khorov, Evgeny and Lyakhov, Andrey},
  booktitle={Proceedings IEEE Global Communication Conference (GlobCom 2015), ETFWLAN Workshop},
  year={2015},
  organization={IEEE}
}

%%%%%%%%%%%%%%%%%%%%%%%%%%%%%%%%%%%%%%%%%%%
%                 BlockAck                %  
%%%%%%%%%%%%%%%%%%%%%%%%%%%%%%%%%%%%%%%%%%%

@inproceedings{li2005performance,
  title={Performance analysis of the IEEE 802.11 e block ACK scheme in a noisy channel},
  author={Li, Tianji and Ni, Qiang and Turletti, Thierry and Xiao, Yang},
  booktitle={Broadband Networks, 2005. BroadNets 2005. 2nd International Conference on},
  pages={511--517},
  year={2005},
  organization={IEEE}
}

@inproceedings{cabral2009optimization,
  title={Optimization of multi-service IEEE802. 11e block acknowledgement},
  author={Cabral, O and Segarra, A and Velez, FJ and Mihovska, A and Prasad, Neeli R},
  booktitle={Radio and Wireless Symposium, 2009. RWS'09. IEEE},
  pages={380--383},
  year={2009},
  organization={IEEE},
  month = {January}
}

@article{lee2010performance,
  title={A performance analysis of block ACK scheme for IEEE 802.11 e networks},
  author={Lee, Hyewon and Tinnirello, Ilenia and Yu, Jeonggyun and Choi, Sunghyun},
  journal={Computer Networks},
  volume={54},
  number={14},
  pages={2468--2481},
  year={2010},
  month = {October},
  publisher={Elsevier}
}


%%%%%%%%%%%%%%%%%%%%%%%%%%%%%%%%%%%%%%%%%%%
%            BlockAck + MCCA              %  
%%%%%%%%%%%%%%%%%%%%%%%%%%%%%%%%%%%%%%%%%%%
@inproceedings{BlockAck_MCCA_analytical,
	title = {Блочная передача чувствительного к задержкам трафика в беспроводных сетях с резервированием канала в условиях помех},
	author = "{Якимов М. Ю.}",
	booktitle = {Информационные Технологии и Системы ИТиС'11},
  	pages={406-414},
  	year={2-7 октября 2011},
	address = {Геленджик},
  	organization={ИППИ РАН},
	language = {russian}
}

@inproceedings{BlockAck_MCCA_imitation,
	title = {Эффективность блочной передачи мультимедийного трафика, чувствительного к задержкам, при MCCA-доступе в сетях IEEE 802.11s},
	author = "{Гущин А. С.} and {Якимов М. Ю.}",
	booktitle = {Информационные Технологии и Системы ИТиС'11},
  	pages={449-454},
  	year={2-7 октября 2011},
	address = {Геленджик},
  	organization={ИППИ РАН},
	language = {russian}
}

@inproceedings{ivanov2014mccablockack,
	title = {Аналитическая модель блочной передачи видеопотока механизмом MCCA в условиях помех},
	author = "{Иванов А. С.} and {Хоров Е.М.}",
	booktitle = {Информационные Технологии и Системы ИТиС'14},
	address = {Нижний Новгород},
  	organization={ИППИ РАН},
	language = {russian}
}

%%%%%%%%%%%%%%%%%%%%%%%%%%%%%%%%%%%%%%%%%%%
%            ah				               %  
%%%%%%%%%%%%%%%%%%%%%%%%%%%%%%%%%%%%%%%%%%%
@article{khorov2014survey,
  title="{A survey on IEEE 802.11 ah: an Enabling Networking Technology for Smart Cities}",
  author={Khorov, Evgeny and Lyakhov, Andrey and Krotov, Alexander and Guschin, Andrey},
  journal={Computer Communications},
  year={2014},
  publisher={Elsevier}
}


@article{cosmetatos1985approximate,
  title={An approximate analysis of the D/M/1 queue with deterministic customer impatience},
  author={Cosmetatos, George P and Prastacos, Gregory P},
  journal={RAIRO. Recherche op{\'e}rationnelle},
  volume={19},
  number={2},
  pages={133--142},
  year={1985},
  publisher={EDP Sciences}
}

@article{gnedenko1968introduction,
  title={Introduction to queueing theory},
  author={Gnedenko, Boris Vladimirovich and Kovalenko, Igorʹ Nikolaevich},
  year={1968},
  publisher={Israel program for scientific translations}
}



